<record><leader>00000cas a2200000 a 4500</leader><controlfield tag="001">46318884</controlfield><controlfield tag="008">010223d19631967caudn ne      0    0eng c</controlfield><datafield ind1=" " ind2=" " tag="010"><subfield code="a">sn 00060284 </subfield></datafield><datafield ind1=" " ind2=" " tag="040"><subfield code="a">CNK</subfield><subfield code="b">eng</subfield><subfield code="c">CNK</subfield><subfield code="d">OCLCQ</subfield><subfield code="d">OCLCF</subfield><subfield code="d">OCLCO</subfield></datafield><datafield ind1="1" ind2=" " tag="029"><subfield code="a">AU@</subfield><subfield code="b">000022417151</subfield></datafield><datafield ind1=" " ind2=" " tag="042"><subfield code="a">pcc</subfield></datafield><datafield ind1=" " ind2=" " tag="043"><subfield code="a">n-us-ca</subfield></datafield><datafield ind1="0" ind2="0" tag="245"><subfield code="a">Newport Harbor news press daily pilot.</subfield></datafield><datafield ind1="1" ind2=" " tag="246"><subfield code="i">Saturday issues published as:</subfield><subfield code="a">Weekend daily pilot</subfield><subfield code="f">May 16, 1964-Feb. 11, 1967</subfield></datafield><datafield ind1=" " ind2=" " tag="260"><subfield code="a">Newport Beach, Calif. :</subfield><subfield code="b">Orange Coast Pub. Co.</subfield></datafield><datafield ind1=" " ind2=" " tag="300"><subfield code="a">v.</subfield></datafield><datafield ind1=" " ind2=" " tag="310"><subfield code="a">Daily (except Sun.),</subfield><subfield code="b">May 16, 1964-Feb. 13, 1967</subfield></datafield><datafield ind1=" " ind2=" " tag="321"><subfield code="a">Daily (except Sat. &amp; Sun.),</subfield><subfield code="b">Sept. 26, 1963-May 15, 1964</subfield></datafield><datafield ind1="0" ind2=" " tag="362"><subfield code="a">Vol. 56, no. 191 (Sept. 26, 1963)-v. 60, no. 38 (Feb. 13, 1967).</subfield></datafield><datafield ind1=" " ind2="0" tag="651"><subfield code="a">Newport Beach (Calif.)</subfield><subfield code="v">Newspapers.</subfield></datafield><datafield ind1=" " ind2="7" tag="655"><subfield code="a">Newspapers.</subfield><subfield code="2">fast</subfield><subfield code="0">(OCoLC)fst01423814</subfield></datafield><datafield ind1=" " ind2="7" tag="651"><subfield code="a">California</subfield><subfield code="z">Newport Beach.</subfield><subfield code="2">fast</subfield><subfield code="0">(OCoLC)fst01216220</subfield></datafield><datafield ind1=" " ind2=" " tag="752"><subfield code="a">United States</subfield><subfield code="b">California</subfield><subfield code="c">Orange</subfield><subfield code="d">Newport Beach.</subfield></datafield><datafield ind1="0" ind2="0" tag="780"><subfield code="t">Newport Harbor news press</subfield><subfield code="w">(DLC)sn 98061554</subfield></datafield><datafield ind1="0" ind2="0" tag="785"><subfield code="t">Daily pilot (Newport Beach, Calif. : Newport Harbor ed.)</subfield><subfield code="w">(DLC)sn 00060285</subfield></datafield></record>